
@inproceedings{langid,
 author = {Lui, Marco and Baldwin, Timothy},
 title = {Langid.Py: An Off-the-shelf Language Identification Tool},
 booktitle = {Proceedings of the ACL 2012 System Demonstrations},
 series = {ACL '12},
 year = {2012},
 location = {Jeju Island, Korea},
 pages = {25--30},
 numpages = {6},
 url = {http://dl.acm.org/citation.cfm?id=2390470.2390475},
 acmid = {2390475},
 publisher = {Association for Computational Linguistics},
 address = {Stroudsburg, PA, USA},
} 


